@article{statcan2022,
  author = {Statistique Canada},
  year = {2022},
  title = {Fréquence des consultations médicales et facteurs sociodémographiques},
  url = {https://www150.statcan.gc.ca}
}

@article{bag2024,
  author = {Office fédéral de la santé publique},
  year = {2024},
  title = {Santé des femmes et accès aux soins en Suisse},
  url = {https://bag.admin.ch}
}

@article{bvs2023,
  author = {BVS Santé},
  year = {2023},
  title = {Facteurs influençant l’accès aux soins médicaux en milieu défavorisé},
  url = {https://docs.bvsalud.org}
}

@article{irdes2020,
  author = {Irdes},
  year = {2020},
  title = {Inégalités spatiales d’accessibilité aux soins médicaux},
  url = {https://www.irdes.fr}
}

@article{egora2023,
  author = {{Egora}},
  title = {Hôpital : la part d'ambulatoire augmente de 6,5 \% , les séjours diminuent},
  year = {2023},
  url = {https://www.egora.fr/actus-pro/hopitaux/hopital-la-part-dambulatoire-augmente-de-65-les-sejours-diminuent}
}

@article{bfmtv2024,
  author = {{BFMTV}},
  title = {Généraliste, dermatologue, pédiatre : quel est le délai pour obtenir un rendez-vous chez le médecin en 2024 ?},
  year = {2024},
  url = {https://www.bfmtv.com/tech/vie-numerique/sur-doctolib-la-moitie-des-consultations-de-generalistes-sont-obtenues-en-moins-de-3-jours_AD-202404230604.html}
}
